@Manual{knitr2013,
    title = {knitr: A general-purpose package for dynamic report
      generation in R},
    author = {Yihui Xie},
    year = {2013},
    note = {R package version 1.4.1},
    url = {http://yihui.name/knitr/},
  }

  @ONLINE{ wiki:def,
    author = "Wikipedia",
    title = "Wikipedia --- Wikipedia{,} The Free Encyclopedia",
    month = mar,
    year = "2014",
    url = "\url{http://en.wikipedia.org/w/index.php?title=Wikipedia&oldid=598345833}",
  }
  @ONLINE{alexa:wiki,
  author = {Alexa Internet{,} Inc.},
  title = {Wikipedia.org Site Info},
  month = mar,
  year = {2014},
  url = {http://www.alexa.com/siteinfo/wikipedia.org}
  }
  @ONLINE{wikispeedia,
  author = {Alexa  Bob West},
  title = {Wikispeedia},
  month = mar,
  year = {2014},
  url = {http://www.cs.mcgill.ca/~rwest/wikispeedia/}
  }
  @ONLINE{wikispeedia:about,
  author = {Alexa  Bob West},
  title = {Wikispeedia},
  month = mar,
  year = {2014},
  url = {http://www.cs.mcgill.ca/~rwest/wikispeedia/project.php}
  }
  @inproceedings{wikispeedia:article,
   author = {West, Robert and Pineau, Joelle and Precup, Doina},
   title = {Wikispeedia: An Online Game for Inferring Semantic Distances Between Concepts},
   booktitle = {Proceedings of the 21st International Jont Conference on Artifical Intelligence},
   series = {IJCAI'09},
   year = {2009},
   location = {Pasadena, California, USA},
   pages = {1598--1603},
   numpages = {6},
   url = {http://dl.acm.org/citation.cfm?id=1661445.1661702},
   acmid = {1661702},
   publisher = {Morgan Kaufmann Publishers Inc.},
   address = {San Francisco, CA, USA},
  } 
  @ONLINE{snap,
  author = {Stanford Network Analysis Project},
  title = {Web data: Wikispeedia navigation paths},
  month = mar,
  year = {2014},
  url = {http://snap.stanford.edu/data/wikispeedia.html}
  }
  @ONLINE{igraph,
  author = {The igraph Project},
  title = {The igraph library},
  month = mar,
  year = {2014},
  url = {http://igraph.sourceforge.net/}
  }
  @ONLINE{lgl,
  author = {Marcotte Lab{,} Institute for Cellular and Molecular Biology{,} University of Texas at Austin},
  title = {Large Graph Layout},
  month = mar,
  year = {2014},
  url = {http://lgl.sourceforge.net/#FileFormat}
  }